<?xml version="1.0" encoding="UTF-8"?><collection xmlns="http://www.loc.gov/MARC21/slim"><record><leader>00500nam--2200157-i-4500</leader><controlfield tag="001">000004318</controlfield><controlfield tag="002">20161230</controlfield><controlfield tag="005">20161230201025</controlfield><controlfield tag="008">060222s1000------------r-----000-0-eng-d</controlfield><datafield ind1=" " ind2=" " tag="100"><subfield code="a">Broglie, Louis M.De</subfield></datafield><datafield ind1=" " ind2=" " tag="245"><subfield code="a">La theorie de la mesure en mecanique ondulatoire. (interpretation usuelle et interpretation causale)</subfield></datafield><datafield ind1=" " ind2=" " tag="260"><subfield code="a">Paris, Gauthier-villars, 1957</subfield></datafield><datafield ind1=" " ind2=" " tag="300"><subfield code="a">VI+130P</subfield></datafield><datafield ind1=" " ind2=" " tag="490"><subfield code="a">Les Grands Problemes Des Sciences</subfield><subfield code="v">vol. VII</subfield></datafield><datafield ind1=" " ind2=" " tag="852"><subfield code="a">13635</subfield><subfield code="c">530.14</subfield></datafield><datafield ind1=" " ind2=" " tag="CAT"><subfield code="a">Sys</subfield><subfield code="c">20100201</subfield><subfield code="h">143214</subfield></datafield></record></collection>